@Article{immersion_factors,
  title        = "Immersion factors affecting perception and behaviour
                 in a virtual reality power wheelchair simulator",
  volume       = "58",
  DOI          = "10.1016/j.apergo.2016.05.003",
  journal      = "Applied Ergonomics",
  author       = "Abdulaziz Alshaer and Holger Regenbrecht and David
                 O’Hare",
  year         = "2017",
  pages        = "1--12",
}

@Article{detecting_stress,
  title        = "Detecting Stress During Real-World Driving Tasks Using
                 Physiological Sensors",
  volume       = "6",
  DOI          = "10.1109/tits.2005.848368",
  number       = "2",
  journal      = "IEEE Transactions on Intelligent Transportation
                 Systems",
  author       = "J.a. Healey and R.w. Picard",
  year         = "2005",
  pages        = "156--166",
}

@Article{eeg_alpha,
  title        = "EEG alpha asymmetry, heart rate variability and
                 cortisol in response to virtual reality induced
                 stress",
  volume       = "4",
  number       = "1",
  journal      = "IEEE Transactions on Intelligent Transportation
                 Systems",
  author       = "Michiel ten Brinke {Anne-Marie Brouwer, Mark A.
                 Neerincx, Victor Kallen, Leslie van der Leer}",
  year         = "2011",
  pages        = "27--40",
}

@Article{critical_review,
  title        = "A Critical Review of Proactive Detection of Driver
                 Stress Levels Based on Multimodal Measurements",
  volume       = "51",
  DOI          = "10.1145/3186585",
  number       = "5",
  journal      = "ACM Computing Surveys",
  author       = "Mohammad Naim Rastgoo and Bahareh Nakisa and Andry
                 Rakotonirainy and Vinod Chandran and Dian
                 Tjondronegoro",
  year         = "2018",
  pages        = "1--35",
}

@Article{picamera,
  title        = "PiCamera documentation",
  howpublished = "\url{https://picamera.readthedocs.io/en/release-1.13/}",
  note         = "Online, accessed 18-March-2019",
}

@Article{road_traffic,
  title        = "Road traffic offending, stress, age, and accident
                 history among male and female drivers",
  volume       = "39",
  DOI          = "10.1080/00140139608964497",
  number       = "5",
  journal      = "Ergonomics",
  author       = "Frances Simon and Claire Corbett",
  year         = "1996",
  pages        = "757–780",
}
